<?xml version="1.0" encoding="UTF-8"?><record xmlns="http://www.loc.gov/MARC21/slim" xmlns:cinclude="http://apache.org/cocoon/include/1.0" xmlns:zs="http://www.loc.gov/zing/srw/">
  <leader>00404nz  a2200121n  4500</leader>
  <controlfield tag="001">no 94039448 </controlfield>
  <controlfield tag="003">DLC</controlfield>
  <controlfield tag="005">19941104150557.8</controlfield>
  <controlfield tag="008">941104n| acannaab|          |n aaa     c</controlfield>
  <datafield tag="010" ind1=" " ind2=" ">
    <subfield code="a">no 94039448 </subfield>
  </datafield>
  <datafield tag="040" ind1=" " ind2=" ">
    <subfield code="a">MdU</subfield>
    <subfield code="c">MdU</subfield>
  </datafield>
  <datafield tag="100" ind1="1" ind2="0">
    <subfield code="a">Jump, Lance B.</subfield>
  </datafield>
  <datafield tag="670" ind1=" " ind2=" ">
    <subfield code="a">Design of the bussed modular pRing hardware prototype, 1992:</subfield>
    <subfield code="b">t.p. (Lance B. Jump, Dept. of Electrical Engineering, University of Maryland, College Park)</subfield>
  </datafield>
</record>